@misc{sht3x-doc,
  author       = {Sensirion},
  title        = {Datasheet SHT3x-DIS},
  year         = {2019},
  note = {\url{https://sensirion.com/media/documents/213E6A3B/61641DC3/Sensirion_Humidity_Sensors_SHT3x_Datasheet_digital.pdf}},
  url = {https://sensirion.com/media/documents/213E6A3B/61641DC3/Sensirion_Humidity_Sensors_SHT3x_Datasheet_digital.pdf},
}

@misc{ssd1306,
  author       = {nopnop2002},
  title        = {SSD1306/SH1106 driver for esp-idf},
  year         = {2022},
  note = {\url{https://github.com/nopnop2002/esp-idf-ssd1306}},
  url = {https://github.com/nopnop2002/esp-idf-ssd1306},
}

@misc{sht3x,
  author       = {gschorcht},
  title        = {Driver for SHT3x digital temperature and humidity sensor},
  year         = {2018},
  note = {\url{https://github.com/gschorcht/sht3x-esp-idf}},
  url = {https://github.com/gschorcht/sht3x-esp-idf},
}
