@misc{ECA,
  author = {Weisstein, Eric W.},
  title = {"Elementary Cellular Automaton." From MathWorld - A Wolfram Web Resource.},
  note = {\linebreak{}\url{https://mathworld.wolfram.com/ElementaryCellularAutomaton.html}},
  url = {https://mathworld.wolfram.com/ElementaryCellularAutomaton.html}
}

@misc{GLFW,
  title = {GLFW - Open Source, multi-platform library for OpenGL, OpenGL ES and Vulkan application development},
  note = {\linebreak{}\url{https://github.com/glfw/glfw}},
  url = {https://github.com/glfw/glfw}
}

@misc{GLAD,
  title = {GLAD - Multi-Language Vulkan/GL/GLES/EGL/GLX/WGL Loader-Generator based on the official specs.},
  note = {\linebreak{}\url{https://github.com/Dav1dde/glad}},
  url = {https://github.com/Dav1dde/glad}
}